@inbook{Riondato2012,
    author = {Riondato, Matteo and Upfal, Eli},
    editor = {Flach, Peter A. and De Bie, Tijl and Cristianini, Nello},
    title = {Efficient Discovery of Association Rules and Frequent Itemsets through Sampling with Tight Performance Guarantees},
    bookTitle = {Machine Learning and Knowledge Discovery in Databases: European Conference, ECML PKDD 2012, Bristol, UK, September 24-28, 2012. Proceedings, Part I},
    year = {2012},
    publisher = {Springer Berlin Heidelberg},
    address = {Berlin, Heidelberg},
    pages = {25--41},
    isbn = {978-3-642-33460-3},
    doi = {10.1007/978-3-642-33460-3_7},
    url = {http://dx.doi.org/10.1007/978-3-642-33460-3_7},
}

@inproceedings{Riondato2015,
    author = {Riondato, Matteo and Upfal, Eli},
    title = {Mining Frequent Itemsets Through Progressive Sampling with Rademacher Averages},
    booktitle = {Proceedings of the 21th ACM SIGKDD International Conference on Knowledge Discovery and Data Mining},
    series = {KDD '15},
    year = {2015},
    isbn = {978-1-4503-3664-2},
    location = {Sydney, NSW, Australia},
    pages = {1005--1014},
    numpages = {10},
    url = {http://doi.acm.org/10.1145/2783258.2783265},
    doi = {10.1145/2783258.2783265},
    acmid = {2783265},
    publisher = {ACM},
    address = {New York, NY, USA},
    keywords = {frequent itemsets, pattern mining, rademacher averages, sampling, statistical learning theory},
}

@book{Leskovec2014mining,
  title = {Mining of massive datasets},
  author = {Leskovec, Jure and Rajaraman, Anand and Ullman, Jeffrey David},
  year = {2014},
  publisher = {Cambridge University Press}
}

@book{Shalev2014understanding,
  title = {Understanding machine learning: From theory to algorithms},
  author = {Shalev-Shwartz, Shai and Ben-David, Shai},
  year = {2014},
  publisher = {Cambridge university press}
}

@inbook{Vapnik2015,
    author = {Vapnik, V. N. and Chervonenkis, A. Ya.},
    editor = {Vovk, Vladimir and Papadopoulos, Harris and Gammerman, Alexander},
    title = {On the Uniform Convergence of Relative Frequencies of Events to Their Probabilities},
    bookTitle = {Measures of Complexity: Festschrift for Alexey Chervonenkis},
    year = {2015},
    publisher = {Springer International Publishing},
    address = {Cham},
    pages = {11--30},
    isbn = {978-3-319-21852-6},
    doi = {10.1007/978-3-319-21852-6_3},
    url = {http://dx.doi.org/10.1007/978-3-319-21852-6_3}
}

@misc{Siebes2017fim,
    author = {prof. dr. Arno Siebes},
    title = {Lecture 11 - Frequent Itemset Mining},
    howpublished = {\url{http://www.cs.uu.nl/docs/vakken/mbd/planning.html}},
    year = {2017 (accessed April 10, 2017)}
}

@misc{FIMI2003,
    author = {},
    title = {Frequent Itemset Mining Dataset Repository},
    howpublished = {\url{http://fimi.ua.ac.be/data/}},
    year = {2003 (accessed April 10, 2017)}
}

@misc{Borgelt2016,
    author = {Christian Borgelt},
    title = {PyFIM - Frequent Item Set Mining for Python},
    howpublished = {\url{http://www.borgelt.net/pyfim.html}},
    year = {2016 (accessed April 10, 2017)}
}

@misc{Robeer2017,
    author = {Jasper Robeer},
    title = {Big Data Source Code Repository},
    howpublished = {\url{https://github.com/JasperRobeer/infombd}},
    year = {2017 (accessed April 13, 2017)}
}

@article {Borgelt2012,
    author = {Borgelt, Christian},
    title = {Frequent item set mining},
    journal = {Wiley Interdisciplinary Reviews: Data Mining and Knowledge Discovery},
    volume = {2},
    number = {6},
    publisher = {John Wiley & Sons, Inc.},
    issn = {1942-4795},
    url = {http://dx.doi.org/10.1002/widm.1074},
    doi = {10.1002/widm.1074},
    pages = {437--456},
    year = {2012},
}